% This file was created with JabRef 2.9b2.
% Encoding: ISO8859_1
% GUYS, USE THIS: http://truben.no/latex/bibtex/

%this as general template, more templates on bottom
@BOOK {Verification_model_description,
    author          = {{S.J. van Elsloo, Dr. ir. J.M.J.F. van Campen, Dr. ir. W. van der Wal}},
    title           = {\emph{'Description of the Verification Model Used in the AE3212-II Project'}},
    year            = {2020},
    month           = {February}
}

@BOOK {Assignment_description,
    author          = {{S.J. van Elsloo, Dr. ir. J.M.J.F. van Campen, Dr. ir. W. van der Wal}},
    title           = {\emph{'AE3212-II SVV Structures Assignment 2020'}},
    year            = {2020},
    month           = {February}
}

%template
@BOOK {reader,
    author          = {{Ir. V.P. Br√ºgemann, Ir. J.M.AM Hol, Dr. R.M. Groves, F.D. Moriniere, M.Sc., C. Fuchs, B.Sc.}},
    title           = {{AE1222-I Project Manual Design and Construction}},
    publisher       = {Delft University of Technology - Faculty  of Aerospace Engineering},
    year            = {2017}
}

@BOOK {SVV_Validation_Data_2020,
    author          = {{S.J. van Elsloo, Dr. ir. J.M.J.F. van Campen, Dr. ir. W. van der Wal}},
    title           = {\emph{'AE3212-II SVV Structures Assignment Description of Validation Data'}},
    year            = {2020},
    month           = {February}
}